<record><leader>00000cas a22000007a 4500</leader><controlfield tag="001">1639801</controlfield><controlfield tag="008">750920d19191923mnuwr ne      0    0eng d</controlfield><datafield ind1=" " ind2=" " tag="010"><subfield code="a">sn 91059379 </subfield></datafield><datafield ind1=" " ind2=" " tag="040"><subfield code="a">MUL</subfield><subfield code="b">eng</subfield><subfield code="c">MUL</subfield><subfield code="d">MN#</subfield><subfield code="d">OCLCQ</subfield><subfield code="d">OCLCF</subfield><subfield code="d">OCLCO</subfield></datafield><datafield ind1="1" ind2=" " tag="029"><subfield code="a">AU@</subfield><subfield code="b">000025893147</subfield></datafield><datafield ind1=" " ind2=" " tag="042"><subfield code="a">msc</subfield></datafield><datafield ind1=" " ind2=" " tag="043"><subfield code="a">n-us-mn</subfield></datafield><datafield ind1=" " ind2=" " tag="052"><subfield code="a">4144</subfield><subfield code="b">T4</subfield></datafield><datafield ind1=" " ind2=" " tag="052"><subfield code="a">4143</subfield><subfield code="b">P3</subfield></datafield><datafield ind1="0" ind2=" " tag="130"><subfield code="a">Tribune (Thief River Falls, Minn.)</subfield></datafield><datafield ind1="0" ind2="4" tag="245"><subfield code="a">The tribune.</subfield></datafield><datafield ind1=" " ind2=" " tag="260"><subfield code="a">Thief River Falls, Minn. :</subfield><subfield code="b">Pennington Print. Co.,</subfield><subfield code="c">1919-1923.</subfield></datafield><datafield ind1=" " ind2=" " tag="300"><subfield code="a">6 v.</subfield></datafield><datafield ind1=" " ind2=" " tag="310"><subfield code="a">Weekly,</subfield><subfield code="b">Jan. 31, 1922-Sept. 26, 1923.</subfield></datafield><datafield ind1=" " ind2=" " tag="321"><subfield code="a">Semiweekly,</subfield><subfield code="b">Jan. 3, 1919-Jan. 24, 1922</subfield></datafield><datafield ind1="0" ind2=" " tag="362"><subfield code="a">Vol. 1, no. 1 (Jan. 3, 1919)-v. 1, no. 7 (Jan. 24, 1919) ; v. 18, no. 46 (Jan. 28, 1919)-v. 23, no. 28 (Sept. 26, 1923).</subfield></datafield><datafield ind1=" " ind2=" " tag="515"><subfield code="a">Issue for Jan. 28, 1919, also numbered: Vol. 1, no. 8.</subfield></datafield><datafield ind1=" " ind2=" " tag="530"><subfield code="a">Available on microfilm from the Minnesota Historical Society.</subfield></datafield><datafield ind1=" " ind2="0" tag="651"><subfield code="a">Thief River Falls (Minn.)</subfield><subfield code="v">Newspapers.</subfield></datafield><datafield ind1=" " ind2="7" tag="655"><subfield code="a">Newspapers.</subfield><subfield code="2">fast</subfield><subfield code="0">(OCoLC)fst01423814</subfield></datafield><datafield ind1=" " ind2="7" tag="651"><subfield code="a">Minnesota</subfield><subfield code="z">Thief River Falls.</subfield><subfield code="2">fast</subfield><subfield code="0">(OCoLC)fst01216493</subfield></datafield><datafield ind1=" " ind2=" " tag="752"><subfield code="a">United States</subfield><subfield code="b">Minnesota</subfield><subfield code="c">Pennington</subfield><subfield code="d">Thief River Falls.</subfield></datafield><datafield ind1="0" ind2="5" tag="780"><subfield code="t">Sunbeam (Sunbeam, Minn.)</subfield><subfield code="w">(DLC)sn 90060893</subfield></datafield><datafield ind1="0" ind2="0" tag="785"><subfield code="t">Thief River Falls tribune</subfield><subfield code="w">(DLC)sn 91059380</subfield></datafield></record>